%% PHD THESIS
@article {Ben:2012,
    AUTHOR = {Ben Gharbia, Ibtihel},
     TITLE = {Résolution de problèmes de complémentarité, application à un écoulement diphasique en milieu poreux},
   JOURNAL = {Thèse de Doctorat de mathématique appliquée, INRIA Université Paris Dauphine},
      YEAR = {2012},
      ISSN = {0378-4754},
   MRCLASS = {Database Expansion Item},
  MRNUMBER = {3166178},
       DOI = {10.1016/j.matcom.2013.04.021},
       URL = {http://www.theses.fr/166748633},
}

@article {Brethes:2015,
    AUTHOR = {Brethes, Gauthier},
     TITLE = {Algorithmes multigrilles adaptatifs et scalables},
   JOURNAL = {Thèse de Doctorat de mathématique appliquée, Université Nice Sophia Antipolis},
      YEAR = {2015},
     
       URL = {http://www-sop.inria.fr/members/Gautier.Brethes/Thesis.pdf},
}

@article {Vor:2004,
    AUTHOR = {Martin Vohral{\'{\i}}k},
     TITLE = {Méthodes numériques pour les équations élliptiques et paraboliques non linéaires},
   JOURNAL = {Thèse de Doctorat de mathématique, Université Paris Orsay, Université Technique Tchèque à Prague},
      YEAR = {2004},
      ISSN = {0378-4754},
   MRCLASS = {Database Expansion Item},
  MRNUMBER = {3166178},
       DOI = {10.1016/j.matcom.2013.04.021},
       URL = {https://who.rocq.inria.fr/Martin.Vohralik/Pages/These.html},
}

%%% MULTIPHASE FLOW

@article {Sboui:2009,
    AUTHOR = {Sboui, Amel and Jaffré Jérôme},
     TITLE = {Henry’ Law and Gas Phase Disappearance},
   JOURNAL = {Transport in porous media},
   PUBLISHER = {Springer}
      YEAR = {2009},
}

@article {DiPVorYoussef:2014,
    AUTHOR = {Di Pietro, Daniele A. and Vohral{\'{\i}}k, Martin and Yousef,
              Soleiman},
     TITLE = {An a posteriori-based, fully adaptive algorithm with adaptive
              stopping criteria and mesh refinement for thermal multiphase
              compositional flows in porous media},
   JOURNAL = {Comput. Math. Appl.},
  FJOURNAL = {Computers \& Mathematics with Applications. An International
              Journal},
    VOLUME = {68},
      YEAR = {2014},
    NUMBER = {12, part B},
     PAGES = {2331--2347},
      ISSN = {0898-1221},
   MRCLASS = {65M08 (76S05)},
  MRNUMBER = {3284277},
       DOI = {10.1016/j.camwa.2014.08.008},
       URL = {http://dx.doi.org/10.1016/j.camwa.2014.08.008},
}

@article {DiPietroFlauraudVorYoussef:2014,
    AUTHOR = {Di Pietro, Daniele A. and Flauraud, Eric and Vohral{\'{\i}}k, Martin
              and Yousef, Soleiman},
     TITLE = {A posteriori error estimates, stopping criteria, and
              adaptivity for multiphase compositional {D}arcy flows in
              porous media},
   JOURNAL = {J. Comput. Phys.},
  FJOURNAL = {Journal of Computational Physics},
    VOLUME = {276},
      YEAR = {2014},
     PAGES = {163--187},
      ISSN = {0021-9991},
   MRCLASS = {65M08 (76S05 76T30)},
  MRNUMBER = {3252574},
MRREVIEWER = {Giovanni Franco Crosta},
       DOI = {10.1016/j.jcp.2014.06.061},
       URL = {http://dx.doi.org/10.1016/j.jcp.2014.06.061},
}


@article {VorWhee:2013,
    AUTHOR = {Vohral{\'{\i}}k, Martin and Wheeler, Mary F.},
     TITLE = {A posteriori error estimates, stopping criteria, and adaptivity for two-phase flows},
   JOURNAL = {Comput. Geosci.},
  FJOURNAL = {Computational Geosciences},
    VOLUME = {17},
      YEAR = {2013},
    NUMBER = {5},
     PAGES = {789--812},
      ISSN = {1420-0597},
   MRCLASS = {65M60 (65M15 65M50 76S05 76T10 86A05)},
  MRNUMBER = {3104635},
MRREVIEWER = {Maurizio Brocchini},
       DOI = {10.1007/s10596-013-9356-0},
       URL = {http://dx.doi.org/10.1007/s10596-013-9356-0},
}

@article {CancesPopVor:2013,
    AUTHOR = {Canc\`es, Cl\'ement and Pop, Iuliu Sorin and Vohral\'\i k, Martin},
     TITLE = {An a posteriori error estimate for vertex-centered finite
              volume discretizations of immiscible incompressible two-phase
              flow},
   JOURNAL = {Math. Comp.},
  FJOURNAL = {Mathematics of Computation},
    VOLUME = {83},
      YEAR = {2014},
    NUMBER = {285},
     PAGES = {153--188},
      ISSN = {0025-5718},
   MRCLASS = {65M08 (65M15 76S05 76T99)},
  MRNUMBER = {3120585},
MRREVIEWER = {Qing Fang},
       DOI = {10.1090/S0025-5718-2013-02723-8},
       URL = {http://dx.doi.org/10.1090/S0025-5718-2013-02723-8},
}

@article {Hager:Wohlmuth:2010,
    AUTHOR = {Hager, Corinna and Wohlmuth, Barbara I.},
     TITLE = {Semismooth {N}ewton methods for variational problems with
              inequality constraints},
   JOURNAL = {GAMM-Mitt.},
  FJOURNAL = {GAMM-Mitteilungen},
    VOLUME = {33},
      YEAR = {2010},
    NUMBER = {1},
     PAGES = {8--24},
      ISSN = {0936-7195},
   MRCLASS = {49M27 (65H10 74M15 90C53)},
  MRNUMBER = {2844390},
       URL = {https://doi.org/10.1002/gamm.201010002},
}

@article {BenJaff:2014,
    AUTHOR = {Ben Gharbia, Ibtihel and Jaffr{\'e}, J{\'e}r{\^o}me},
     TITLE = {Gas phase appearance and disappearance as a problem with
              complementarity constraints},
   JOURNAL = {Math. Comput. Simulation},
  FJOURNAL = {Mathematics and Computers in Simulation},
    VOLUME = {99},
      YEAR = {2014},
     PAGES = {28--36},
      ISSN = {0378-4754},
   MRCLASS = {Database Expansion Item},
  MRNUMBER = {3166178},
       DOI = {10.1016/j.matcom.2013.04.021},
       URL = {http://dx.doi.org/10.1016/j.matcom.2013.04.021},
}
		
@article {ChaventJaff:1986,
    AUTHOR = {Chavent,Guy, and Jaffr{\'e}, J{\'e}r{\^o}me},
    EDITHOR={J.L.Lions,G Papanicolaou, H Fujita, H.B Keller},
     TITLE = {Book, Mathematical models and finite elements for reservoir simulation},
   JOURNAL = {Studies in mathematics and its applications},
      YEAR = {NORTH--HOLLAND 1986},
     PAGES = {9--12},
       DOI = {10.1016/j.matcom.2013.04.021},
       URL = {http://dx.doi.org/10.1016/j.matcom.2013.04.021},
}


@book {Chen:Huan:2006,
    AUTHOR = {Chen, Zhangxin and Huan, Guanren and Ma, Yuanle},
     TITLE = {Computational methods for multiphase flows in porous media},
    SERIES = {Computational Science \& Engineering},
    VOLUME = {2},
 PUBLISHER = {Society for Industrial and Applied Mathematics (SIAM),
              Philadelphia, PA},
      YEAR = {2006},
     PAGES = {xxx+531},
      ISBN = {0-89871-606-3},
   MRCLASS = {76S05 (65Mxx 65Nxx 76M10 76T99 76V05)},
  MRNUMBER = {2217767},
MRREVIEWER = {Iuliu Sorin Pop},
       URL = {https://doi.org/10.1137/1.9780898718942},
}





@article {Arbogast:1992,
    AUTHOR = {Arbogast, Todd},
     TITLE = {The existence of weak solutions to single porosity and simple
              dual-porosity models of two-phase incompressible flow},
   JOURNAL = {Nonlinear Anal.},
  FJOURNAL = {Nonlinear Analysis. Theory, Methods \& Applications. An
              International Multidisciplinary Journal},
    VOLUME = {19},
      YEAR = {1992},
    NUMBER = {11},
     PAGES = {1009--1031},
      ISSN = {0362-546X},
   MRCLASS = {76S05 (35D05 35Q35 76T05)},
  MRNUMBER = {1194142},
MRREVIEWER = {Andro Mikeli\'c},
       DOI = {10.1016/0362-546X(92)90121-T},
       URL = {http://dx.doi.org/10.1016/0362-546X(92)90121-T},
}

%% FUNCTIONAL ANALYSIS AND OPTIMISATION

@article{bengharbia-gilbert-2012,
key={bengharbia-gilbert-2012a},
author={I. {Ben Gharbia} and {J.Ch.} Gilbert},
title={Nonconvergence of the plain {N}ewton-min algorithm for linear
   complementarity problems with a {$P$}-matrix},
journal={Mathematical Programming},
volume=134,
pages={349-364},
year=2012,
note={\href{http://dx.doi.org/10.1007/s10107-010-0439-6}{[doi]}},
annote=oui
}

@article{bengharbia-gilbert-2013,
author={I. {Ben Gharbia} and {J.Ch.} Gilbert},
title={An algorithmic characterization of {P}-matricity},
journal={SIAM Journal on Matrix Analysis and Applications},
volume=34,
number=3,
pages={904-916},
year=2013,
note={\href{http://dx.doi.org/10.1137/120883025}{[doi]}},
annote=oui
}

@article{bengharbia-gilbert-2017,
author={I. {Ben Gharbia} and {J.Ch.} Gilbert},
title={An algorithmic characterization of {P}-matricity {II}:
   corrections, refinements, and validation},
journal=siam_maa # {\/\rm (submitted)},
year=2017,
note={\href{http://hal.archives-ouvertes.fr/hal-01672197/en}{[preprint]}},
annote=oui
}


@book {Clarke:1983,
    AUTHOR = {Clarke, Frank H.},
     TITLE = {Optimization and nonsmooth analysis},
    SERIES = {Canadian Mathematical Society Series of Monographs and
              Advanced Texts},
      NOTE = {A Wiley-Interscience Publication},
 PUBLISHER = {John Wiley \& Sons, Inc., New York},
      YEAR = {1983},
     PAGES = {xiii+308},
      ISBN = {0-471-87504-X},
   MRCLASS = {49-02 (49A52 58C20 90C48)},
  MRNUMBER = {709590},
MRREVIEWER = {Jean-Baptiste Hiriart-Urruty},
}	
		
@article {Brezis:2010,
    AUTHOR = {Haim Brezis},
     TITLE = {Functional Analysis, Sobolev Spaces and Partial Differential Equations},
   JOURNAL = {Springer, New York},
  FJOURNAL = {Universitext},
      YEAR = {2011},
     PAGES = {138--140},
MRREVIEWER = {Vicenţiu Rădulescu},
       URL = {http://www.math.uni-leipzig.de/UAA/f/SS14XX11249.pdf},
}	
	
@book {Brezis:book:2011,
    AUTHOR = {Brezis, Haim},
     TITLE = {Functional analysis, {S}obolev spaces and partial differential
              equations},
    SERIES = {Universitext},
 PUBLISHER = {Springer, New York},
      YEAR = {2011},
     PAGES = {xiv+599},
      ISBN = {978-0-387-70913-0},
   MRCLASS = {35-01 (46-01 46E35 46N20 47F05)},
  MRNUMBER = {2759829},
MRREVIEWER = {Vicen\c tiu D. R\u adulescu},
}
		

@book {Wright:1997,
    AUTHOR = {Wright, Stephen J.},
     TITLE = {Primal-dual interior-point methods},
 PUBLISHER = {Society for Industrial and Applied Mathematics (SIAM),
              Philadelphia, PA},
      YEAR = {1997},
     PAGES = {xx+289},
      ISBN = {0-89871-382-X},
   MRCLASS = {90-02 (90C05)},
  MRNUMBER = {1422257},
MRREVIEWER = {K. G. Murty},
       DOI = {10.1137/1.9781611971453},
       URL = {http://dx.doi.org/10.1137/1.9781611971453},
}

@incollection {Kanzow:1999,
    AUTHOR = {Kanzow, Christian},
     TITLE = {An active set-type {N}ewton method for constrained nonlinear
              systems},
 BOOKTITLE = {Complementarity: applications, algorithms and extensions
              ({M}adison, {WI}, 1999)},
    SERIES = {Appl. Optim.},
    VOLUME = {50},
     PAGES = {179--200},
 PUBLISHER = {Kluwer Acad. Publ., Dordrecht},
      YEAR = {2001},
   MRCLASS = {65H10 (90C53)},
  MRNUMBER = {1818622},
       DOI = {10.1007/978-1-4757-3279-5_9},
       URL = {http://dx.doi.org/10.1007/978-1-4757-3279-5_9},
}

@article {Hintermuller:2002,
    AUTHOR = {Hinterm{\"u}ller, M. and Ito, K. and Kunisch, K.},
     TITLE = {The primal-dual active set strategy as a semismooth {N}ewton
              method},
   JOURNAL = {SIAM J. Optim.},
  FJOURNAL = {SIAM Journal on Optimization},
    VOLUME = {13},
      YEAR = {2002},
    NUMBER = {3},
     PAGES = {865--888 (2003)},
      ISSN = {1052-6234},
     CODEN = {SJOPE8},
   MRCLASS = {90C33 (65K10 90C53)},
  MRNUMBER = {1972219},
MRREVIEWER = {Hou Duo Qi},
       DOI = {10.1137/S1052623401383558},
       URL = {http://dx.doi.org/10.1137/S1052623401383558},
   }    

@book {Facchinei:2003,
    AUTHOR = {Facchinei, Francisco and Pang, Jong-Shi},
     TITLE = {Finite-dimensional variational inequalities and
              complementarity problems. {V}ol. {I}},
    SERIES = {Springer Series in Operations Research},
 PUBLISHER = {Springer-Verlag, New York},
      YEAR = {2003},
     PAGES = {xxxiv+624+I69},
      ISBN = {0-387-95580-1},
   MRCLASS = {90-02 (15A39 49J40 65K10 90C33)},
  MRNUMBER = {1955648},
}
		

@book {Pang:2003,
    AUTHOR = {Facchinei, Francisco and Pang, Jong-Shi},
     TITLE = {Finite-dimensional variational inequalities and
              complementarity problems. {V}ol. {II}},
    SERIES = {Springer Series in Operations Research},
 PUBLISHER = {Springer-Verlag, New York},
      YEAR = {2003},
     PAGES = {i-xxxiv, 625--1234 and II1--II57},
      ISBN = {0-387-95581-X},
   MRCLASS = {90-02 (15A39 49J40 65K10 90C33)},
  MRNUMBER = {1955649},
MRREVIEWER = {Daniel Ralph},
}


%% NEWTON METHOD

@article {Martinez:inex:semismooth:1995,
    AUTHOR = {Mart{\'{\i}}nez, Jos\'e Mario and Qi, Li Qun},
     TITLE = {Inexact {N}ewton methods for solving nonsmooth equations},
      NOTE = {Linear/nonlinear iterative methods and verification of
              solution (Matsuyama, 1993)},
   JOURNAL = {J. Comput. Appl. Math.},
  FJOURNAL = {Journal of Computational and Applied Mathematics},
    VOLUME = {60},
      YEAR = {1995},
    NUMBER = {1-2},
     PAGES = {127--145},
      ISSN = {0377-0427},
   MRCLASS = {65H10 (49J52 90C30)},
  MRNUMBER = {1354652},
MRREVIEWER = {J. Fr\'ed\'eric Bonnans},
       URL = {https://doi.org/10.1016/0377-0427(94)00088-I},
}

@article {Facchinei:Kanzow:inex:semismooth:1997,
    AUTHOR = {Facchinei, Francisco and Kanzow, Christian},
     TITLE = {A nonsmooth inexact {N}ewton method for the solution of
              large-scale nonlinear complementarity problems},
   JOURNAL = {Math. Programming},
  FJOURNAL = {Mathematical Programming},
    VOLUME = {76},
      YEAR = {1997},
    NUMBER = {3, Ser. B},
     PAGES = {493--512},
      ISSN = {0025-5610},
   MRCLASS = {90C33 (65K05)},
  MRNUMBER = {1433968},
MRREVIEWER = {Zun Quan Xia},
       URL = {https://doi.org/10.1016/S0025-5610(96)00058-5},
}

@article {Kanzow:2004:inex:semi:smooth,
    AUTHOR = {Kanzow, Christian},
     TITLE = {Inexact semismooth {N}ewton methods for large-scale
              complementarity problems},
      NOTE = {The First International Conference on Optimization Methods and
              Software. Part II},
   JOURNAL = {Optim. Methods Softw.},
  FJOURNAL = {Optimization Methods \& Software},
    VOLUME = {19},
      YEAR = {2004},
    NUMBER = {3-4},
     PAGES = {309--325},
      ISSN = {1055-6788},
   MRCLASS = {90C33 (49K20 49M15 49M25 65K10)},
  MRNUMBER = {2064249},
MRREVIEWER = {Deren Han},
       URL = {https://doi.org/10.1080/10556780310001636369},
}

@article {Zhang:inex:newton:var:ineq:2017,
    AUTHOR = {Ge, Zhili and Ni, Qin and Zhang, Xin},
     TITLE = {A smoothing inexact {N}ewton method for variational
              inequalities with nonlinear constraints},
   JOURNAL = {J. Inequal. Appl.},
  FJOURNAL = {Journal of Inequalities and Applications},
      YEAR = {2017},
     PAGES = {Paper No. 160, 12},
      ISSN = {1029-242X},
   MRCLASS = {65K15 (90C33)},
  MRNUMBER = {3669796},
       URL = {https://doi.org/10.1186/s13660-017-1433-9},
}

@article{Eis_Walk_inex_Newt_94,
    AUTHOR = {Eisenstat, Stanley C. and Walker, Homer F.},
     TITLE = {Globally convergent inexact {N}ewton methods},
   JOURNAL = {SIAM J. Optim.},
  FJOURNAL = {SIAM Journal on Optimization},
    VOLUME = {4},
      YEAR = {1994},
    NUMBER = {2},
     PAGES = {393--422},
      ISSN = {1052-6234},
     CODEN = {SJOPE8},
   MRCLASS = {65H10 (90C30)},
  MRNUMBER = {1273766 (95c:65078)},
MRREVIEWER = {R. P. Tewarson},
       DOI = {10.1137/0804022},
       URL = {http://dx.doi.org/10.1137/0804022},
}


%%% PDE AND NUMERICAL ANALYSIS


@book {Kelley:1995,
    AUTHOR = {Kelley, C. T.},
     TITLE = {Iterative methods for linear and nonlinear equations},
    SERIES = {Frontiers in Applied Mathematics},
    VOLUME = {16},
      NOTE = {With separately available software},
 PUBLISHER = {Society for Industrial and Applied Mathematics (SIAM),
              Philadelphia, PA},
      YEAR = {1995},
     PAGES = {iv+165},
      ISBN = {0-89871-352-8},
   MRCLASS = {65-02 (65Fxx 65Hxx)},
  MRNUMBER = {1344684},
MRREVIEWER = {W. Govaerts},
       URL = {https://doi.org/10.1137/1.9781611970944},
}


@book {BrezziFortin:1991,
    AUTHOR = {Brezzi, Franco and Fortin, Michel},
     TITLE = {Mixed and hybrid finite element methods},
    SERIES = {Springer Series in Computational Mathematics},
    VOLUME = {15},
 PUBLISHER = {Springer-Verlag, New York},
      YEAR = {1991},
     PAGES = {x+350},
      ISBN = {0-387-97582-9},
   MRCLASS = {65N30 (65-02 73V05 76M10)},
  MRNUMBER = {1115205},
MRREVIEWER = {Lubor Malina},
       DOI = {10.1007/978-1-4612-3172-1},
       URL = {http://dx.doi.org/10.1007/978-1-4612-3172-1},
}


@book {Verfurth:2013,
    AUTHOR = {Verf\"urth, R\"udiger},
     TITLE = {A posteriori error estimation techniques for finite element
              methods},
    SERIES = {Numerical Mathematics and Scientific Computation},
 PUBLISHER = {Oxford University Press, Oxford},
      YEAR = {2013},
     PAGES = {xx+393},
      ISBN = {978-0-19-967942-3},
   MRCLASS = {65N30 (35J25 35K20 35Q30 35Q74 65N15)},
  MRNUMBER = {3059294},
MRREVIEWER = {Manfred Dobrowolski},
       DOI = {10.1093/acprof:oso/9780199679423.001.0001},
       URL = {http://dx.doi.org/10.1093/acprof:oso/9780199679423.001.0001},
}
		
@article {Raviart:Thomas:1977,
    AUTHOR = {Raviart, P.-A. and Thomas, J. M.},
     TITLE = {A mixed finite element method for 2nd order elliptic problems},
 BOOKTITLE = {Mathematical aspects of finite element methods ({P}roc.
              {C}onf., {C}onsiglio {N}az. delle {R}icerche ({C}.{N}.{R}.),
              {R}ome, 1975)},
     PAGES = {292--315. Lecture Notes in Math., Vol. 606},
 PUBLISHER = {Springer, Berlin},
      YEAR = {1977},
   MRCLASS = {65N30},
  MRNUMBER = {0483555},
MRREVIEWER = {Jan Bochenek},
}


@article {Rude:1993,
    AUTHOR = {R\"ude, Ulrich},
     TITLE = {Fully adaptive multigrid methods},
   JOURNAL = {SIAM J. Numer. Anal.},
  FJOURNAL = {SIAM Journal on Numerical Analysis},
    VOLUME = {30},
      YEAR = {1993},
    NUMBER = {1},
     PAGES = {230--248},
      ISSN = {0036-1429},
   MRCLASS = {65N55},
  MRNUMBER = {1202664},
       DOI = {10.1137/0730011},
       URL = {http://dx.doi.org/10.1137/0730011},
}

@article {Becker:1995,
    AUTHOR = {Becker, R. and Johnson, C. and Rannacher, R.},
     TITLE = {Adaptive error control for multigrid finite element methods},
   JOURNAL = {Computing},
  FJOURNAL = {Computing. Archives for Scientific Computing},
    VOLUME = {55},
      YEAR = {1995},
    NUMBER = {4},
     PAGES = {271--288},
      ISSN = {0010-485X},
   MRCLASS = {65N55 (65N30)},
  MRNUMBER = {1370103},
MRREVIEWER = {I. N. Molchanov},
       DOI = {10.1007/BF02238483},
       URL = {http://dx.doi.org/10.1007/BF02238483},
}


@article {Chemin:2015,
    AUTHOR = {Chemin, Jean-Yves},
     TITLE = {Introduction aux équations aux dérivées partielles d'évolutions},
   JOURNAL = {Master d'analyse numérique, Université Pierre et Marie Curie},
      YEAR = {2015},
       URL = {https://www.ljll.math.upmc.fr/~chemin/pdf/2015M2EvolutionW.pdf}
}

@article {Verfurth:2016,
    AUTHOR = {Verf\"urth, R\"udiger},
     TITLE = {Adaptive finite element methods},
   JOURNAL = {Lecture Notes},
      YEAR = {2016}
}

@article {Lions:1967,
    AUTHOR = {Lions, Stampacchia},
     TITLE = {Variational inequalities},
   JOURNAL = {Communications on pure and Applied Mathematics},
      YEAR = {1967},
}

@book {Chen:2005,
    AUTHOR = {Chen, Zhangxin},
     TITLE = {Finite element methods and their applications},
    SERIES = {Scientific Computation},
 PUBLISHER = {Springer-Verlag, Berlin},
      YEAR = {2005},
     PAGES = {xiv+410},
      ISBN = {978-3-540-24078-5; 3-540-24078-0},
   MRCLASS = {65-02 (65M60 65N30)},
  MRNUMBER = {2158541},
MRREVIEWER = {Stefka N. Dimova},
}

@book {Raviart_Thomas:1983,
    AUTHOR = {Raviart, P.-A. and Thomas, J.-M.},
     TITLE = {Introduction \`a l'analyse num\'erique des \'equations aux
              d\'eriv\'ees partielles},
    SERIES = {Collection Math\'ematiques Appliqu\'ees pour la Ma\^\i trise.
              [Collection of Applied Mathematics for the Master's Degree]},
 PUBLISHER = {Masson, Paris},
      YEAR = {1983},
     PAGES = {224},
      ISBN = {2-225-75670-8},
   MRCLASS = {65-01 (35-01)},
  MRNUMBER = {773854},
MRREVIEWER = {R{\'e}mi Vaillancourt},
}		

@book {Fortin_Boffi:2013,
    AUTHOR = {Boffi, Daniele and Brezzi, Franco and Fortin, Michel},
     TITLE = {Mixed finite element methods and applications},
    SERIES = {Springer Series in Computational Mathematics},
    VOLUME = {44},
 PUBLISHER = {Springer, Heidelberg},
      YEAR = {2013},
     PAGES = {xiv+685},
      ISBN = {978-3-642-36518-8; 978-3-642-36519-5},
   MRCLASS = {65-02 (65M60 65N30)},
  MRNUMBER = {3097958},
MRREVIEWER = {Beny Neta},
       DOI = {10.1007/978-3-642-36519-5},
       URL = {http://dx.doi.org/10.1007/978-3-642-36519-5},
}


@article {Despres:2012,
    AUTHOR = {Despres, Bruno},
     TITLE = {Approximation des Equations aux Dérivées Partielles},
   JOURNAL = {Master d'Analyse Numérique, Pierre and Marie Curie University},
      YEAR = {2012},
           URL = {http://www.ann.jussieu.fr/~despres/MM026/cours_m1.pdf},
}

@article {Despres:2004,
    AUTHOR = {Despres, Bruno},
     TITLE = {Analyse numérique matricielle},
   JOURNAL = {DEA d'Analyse Numérique, Université Pierre et Marie Curie},
      YEAR = {2004},
           URL = {http://www.ann.jussieu.fr/~despres/BD_fichiers/almat.pdf},
}

@book {Rodrigues:1987,
    AUTHOR = {Rodrigues, Jos\'e-Francisco},
     TITLE = {Obstacle problems in mathematical physics},
    SERIES = {North-Holland Mathematics Studies},
    VOLUME = {134},
      NOTE = {Notas de Matem\'atica [Mathematical Notes], 114},
 PUBLISHER = {North-Holland Publishing Co., Amsterdam},
      YEAR = {1987},
     PAGES = {xvi+352},
      ISBN = {0-444-70187-7},
   MRCLASS = {35-02 (35J85 35R35 49A29)},
  MRNUMBER = {880369},
MRREVIEWER = {Maurizio Chicco},
}
@book {Hlavacek:1988,
    AUTHOR = {Hlav\'a\v{c}ek, I. and Haslinger, J. and Ne\v{c}as, J. and Lov\'\i\v{s}ek, J.},
     TITLE = {Solution of variational inequalities in mechanics},
    SERIES = {Applied Mathematical Sciences},
    VOLUME = {66},
      NOTE = {Translated from the Slovak by J. Jarn\'\i k},
 PUBLISHER = {Springer-Verlag, New York},
      YEAR = {1988},
     PAGES = {x+275},
      ISBN = {0-387-96597-1},
   MRCLASS = {73-02 (35-02 49A29 73C60 73Exx 73T05)},
  MRNUMBER = {952855},
MRREVIEWER = {Petr Proch\~A!`zka},
       DOI = {10.1007/978-1-4612-1048-1},
       URL = {http://dx.doi.org/10.1007/978-1-4612-1048-1},
}


@article {Godlewski:2013,
    AUTHOR = {Godlewski,Edwige},
     TITLE = {Bases des méthodes numériques},
   JOURNAL = {Master d'Analyse Numérique, Université Pierre et Marie Curie},
      YEAR = {2013},
           URL = {http://www.ann.jussieu.fr/~despres/MM026/cours_m1.pdf},
}


@article {Maday:2004,
    AUTHOR = {Maday, Yvon and Bernardi Christine and Rapetti Francesca},
     TITLE = {Discrétisations variationnelles de problèmes aux limites elliptiques},
   JOURNAL = {Springer},
      YEAR = {2004},
}

@book {Briggs:2014,
    AUTHOR = {Briggs, William L.},
     TITLE = {A multigrid tutorial},
 PUBLISHER = {Society for Industrial and Applied Mathematics (SIAM),
              Philadelphia, PA},
      YEAR = {1987},
     PAGES = {x+88},
      ISBN = {0-89871-221-1},
   MRCLASS = {65-01},
  MRNUMBER = {960880 (89j:65001)},
MRREVIEWER = {Chris Arney},
}

@article {Cohen:2015,
    AUTHOR = {Cohen, Albert},
     TITLE = {Approximation Variationnelle des fonctions},
   JOURNAL = {Master d'Analyse Numérique, Université Pierre et Marie Curie},
      YEAR = {2015},
           URL ={http://www.ann.jussieu.fr/cohen/CohenM2.pdf},
}


@article {Kern:2005,
    AUTHOR = {Kern, Michel},
     TITLE = {Introduction à la méthode des éléments finis},
   JOURNAL = {Ecole nationale supérieure des mines de Paris, Inria},
      YEAR = {2005},
           URL ={http://mms2.ensmp.fr/ef_paris/formulation/polycop/f_coursEF.pdf}
}



@book {Hackbusch:1985,
    AUTHOR = {Hackbusch, Wolfgang},
     TITLE = {Multigrid methods and applications},
    SERIES = {Springer Series in Computational Mathematics},
    VOLUME = {4},
 PUBLISHER = {Springer-Verlag, Berlin},
      YEAR = {1985},
     PAGES = {xiv+377},
      ISBN = {3-540-12761-5},
   MRCLASS = {65N50 (65-02 65F10 65N20)},
  MRNUMBER = {814495 (87e:65082)},
MRREVIEWER = {S. F. McCormick},
       DOI = {10.1007/978-3-662-02427-0},
       URL = {http://dx.doi.org/10.1007/978-3-662-02427-0},
}


@book {Ern:2004,
    AUTHOR = {Ern, Alexandre and Guermond, Jean-Luc},
     TITLE = {Theory and practice of finite elements},
    SERIES = {Applied Mathematical Sciences},
    VOLUME = {159},
 PUBLISHER = {Springer-Verlag, New York},
      YEAR = {2004},
     PAGES = {xiv+524},
      ISBN = {0-387-20574-8},
   MRCLASS = {65-02 (65M60 65N30 74S05 76M10 78M10)},
  MRNUMBER = {2050138},
MRREVIEWER = {R. S. Anderssen},
       DOI = {10.1007/978-1-4757-4355-5},
       URL = {http://dx.doi.org/10.1007/978-1-4757-4355-5},
}


@book {Ciarlet:2009,
    AUTHOR = {Ciarlet, Patrick and Lunéville, Eric},
     TITLE = {La méthode des éléments finis, de la théorie à la pratique},
 PUBLISHER ={Les presses de l'Ensta},
      YEAR = {2009},
}

@article {Ronald:1987,
    AUTHOR = {Hoppe, Ronald H. W.},
     TITLE = {Multigrid algorithms for variational inequalities},
   JOURNAL = {SIAM J. Numer. Anal.},
  FJOURNAL = {SIAM Journal on Numerical Analysis},
    VOLUME = {24},
      YEAR = {1987},
    NUMBER = {5},
     PAGES = {1046--1065},
      ISSN = {0036-1429},
   MRCLASS = {65K10 (49A29 65F10 90C33 90C39)},
  MRNUMBER = {909064},
MRREVIEWER = {R. N. Pandey},
       DOI = {10.1137/0724069},
       URL = {http://dx.doi.org/10.1137/0724069},
}

@book {Kantorovich:1952,
    AUTHOR = {Kantorovich, L. V.},
     TITLE = {Functional analysis and applied mathematics},
    SERIES = {NBS Rep. 1509},
      NOTE = {Translated by C. D. Benster},
 PUBLISHER = {U. S. Department of Commerce, National Bureau of Standards,
              Los Angeles, Calif.},
      YEAR = {1952},
     PAGES = {ii+202},
   MRCLASS = {46.3X},
  MRNUMBER = {0053389},
}



@book {Olshanskii:2014,
    AUTHOR = {Olshanskii, Maxim A. and Tyrtyshnikov, Eugene E.},
     TITLE = {Iterative methods for linear systems},
      NOTE = {Theory and applications},
 PUBLISHER = {Society for Industrial and Applied Mathematics, Philadelphia,
              PA},
      YEAR = {2014},
     PAGES = {xvi+247},
      ISBN = {978-1-611973-45-7},
   MRCLASS = {65F10 (15A06)},
  MRNUMBER = {3243627},
MRREVIEWER = {Jeffrey S. Ovall},
       DOI = {10.1137/1.9781611973464},
       URL = {http://dx.doi.org/10.1137/1.9781611973464},
}


%% APOSTERIORI

@article {Ladeveze:1975,
    AUTHOR = {Ladeveze, Pierre},
     TITLE = {Comparaison de modèles de mécanique des milieux conitnus.},
   JOURNAL = {Thèse d'état, Université Paris VI, Paris},
      YEAR = {1975}
}

		
@article {Vor:2015,
    AUTHOR = {Vohral{\'{\i}}k, Martin},
     TITLE = {A posteriori error estimates for efficiency and error control in numerical simulations},
   JOURNAL = {Course master degree, INRIA/Pierre and Marie Curie University},
      YEAR = {2015},
       URL = {https://who.rocq.inria.fr/Martin.Vohralik/Enseig/APost/a_posteriori.pdf},
}
		

@article {Braess:Schoberl:2008,
    AUTHOR = {Braess, Dietrich and Sch\"oberl, Joachim},
     TITLE = {Equilibrated residual error estimator for edge elements},
   JOURNAL = {Math. Comp.},
  FJOURNAL = {Mathematics of Computation},
    VOLUME = {77},
      YEAR = {2008},
    NUMBER = {262},
     PAGES = {651--672},
      ISSN = {0025-5718},
   MRCLASS = {65N30 (78M10)},
  MRNUMBER = {2373174},
MRREVIEWER = {Dalibor Luk\~A!`\AA !`},
       DOI = {10.1090/S0025-5718-07-02080-7},
       URL = {http://dx.doi.org/10.1090/S0025-5718-07-02080-7},
}

@article {VorBer:2012,
    AUTHOR = {Ben Belgacem, Faker and Bernardi, Christine and Blouza, Adel
              and Vohral{\'{\i}}k, Martin},
     TITLE = {On the unilateral contact between membranes. {P}art 2: {\it a
              posteriori} analysis and numerical experiments},
   JOURNAL = {IMA J. Numer. Anal.},
  FJOURNAL = {IMA Journal of Numerical Analysis},
    VOLUME = {32},
      YEAR = {2012},
    NUMBER = {3},
     PAGES = {1147--1172},
      ISSN = {0272-4979},
     CODEN = {IJNADN},
   MRCLASS = {65K15 (65N15 65N30 74K15 74M15 92C10)},
  MRNUMBER = {2954744},
MRREVIEWER = {J{\'a}n Lov{\'{\i}}{\v{s}}ek},
       DOI = {10.1093/imanum/drr003},
       URL = {http://dx.doi.org/10.1093/imanum/drr003},
}

		
@article {VorBer:2008,
    AUTHOR = {Ben Belgacem, Faker and Bernardi, Christine and Blouza, Adel
              and Vohral{\'{\i}}k, Martin},
     TITLE = {A finite element discretization of the contact between two
              membranes},
   JOURNAL = {M2AN Math. Model. Numer. Anal.},
  FJOURNAL = {M2AN. Mathematical Modelling and Numerical Analysis},
    VOLUME = {43},
      YEAR = {2008},
    NUMBER = {1},
     PAGES = {33--52},
      ISSN = {0764-583X},
   MRCLASS = {74K15 (65N30 74M15)},
  MRNUMBER = {2494793 (2010i:74050)},
       DOI = {10.1051/m2an/2008041},
       URL = {http://dx.doi.org/10.1051/m2an/2008041},
}

@article {Jir:Vor:Pavel:Strak:2010,
    AUTHOR = {Jir{\'a}nek, Pavel and Strako{\v{s}}, Zden{\v{e}}k and
              Vohral{\'{\i}}k, Martin},
     TITLE = {A posteriori error estimates including algebraic error and
              stopping criteria for iterative solvers},
   JOURNAL = {SIAM J. Sci. Comput.},
  FJOURNAL = {SIAM Journal on Scientific Computing},
    VOLUME = {32},
      YEAR = {2010},
    NUMBER = {3},
     PAGES = {1567--1590},
      ISSN = {1064-8275},
   MRCLASS = {65N08 (65F10 65N15)},
  MRNUMBER = {2652091},
MRREVIEWER = {V{\'{\i}}t Dolej{\v{s}}{\'{\i}}},
       DOI = {10.1137/08073706X},
       URL = {http://dx.doi.org/10.1137/08073706X},
}


@article {VorErn:2013,
    AUTHOR = {Ern, Alexandre and Vohral{\'{\i}}k, Martin},
     TITLE = {Adaptive inexact {N}ewton methods with a posteriori stopping
              criteria for nonlinear diffusion {PDE}s},
   JOURNAL = {SIAM J. Sci. Comput.},
  FJOURNAL = {SIAM Journal on Scientific Computing},
    VOLUME = {35},
      YEAR = {2013},
    NUMBER = {4},
     PAGES = {A1761--A1791},
      ISSN = {1064-8275},
     CODEN = {SJOCE3},
   MRCLASS = {65H10 (65M08 65M22 65M50 65M60)},
  MRNUMBER = {3072765},
MRREVIEWER = {B{\"u}lent Karas{\"o}zen},
       DOI = {10.1137/120896918},
       URL = {http://dx.doi.org/10.1137/120896918},
}
		


@article {Ern:Vor:2015,
    AUTHOR = {Ern, Alexandre and Vohral{\'{\i}}k, Martin},
     TITLE = {Polynomial-degree-robust a posteriori estimates in a unified
              setting for conforming, nonconforming, discontinuous
              {G}alerkin, and mixed discretizations},
   JOURNAL = {SIAM J. Numer. Anal.},
  FJOURNAL = {SIAM Journal on Numerical Analysis},
    VOLUME = {53},
      YEAR = {2015},
    NUMBER = {2},
     PAGES = {1058--1081},
      ISSN = {0036-1429},
   MRCLASS = {65N30 (65N15)},
  MRNUMBER = {3335498},
MRREVIEWER = {Dominic Breit},
       URL = {https://doi.org/10.1137/130950100},
}

		


@unpublished{VorPapez:2015,
    AUTHOR = {Pape{\v z}, Jan and R{\"u}de, Ulrich and Vohral{\'{\i}}k, Martin and Wohlmuth, Barbara},
     TITLE = {Sharp algebraic and total a posteriori error bounds for $h$ and $p$ finite elements via a multilevel approach},
      NOTE = {HAL Preprint~01662944, submitted for publication},
       URL = {https://hal.inria.fr/hal-01662944/en},
      YEAR = {2017},
}

 

@unpublished{Dabaghi:2017,
    AUTHOR = {Dabaghi, Jad and Martin, Vincent, and Vohral{\'{\i}}k, Martin},
     TITLE = {Adaptive inexact semi-smooth Newton methods for the contact problem between two membranes},
 NOTE = {HAL Preprint~01666845, submitted for publication},
       URL = {https://hal-enpc.archives-ouvertes.fr/hal-01666845/document
},
      YEAR = {2017},

}



@article {Braess:2009,
    AUTHOR = {Braess, Dietrich and Pillwein, Veronika and Sch{\"o}berl,
              Joachim},
     TITLE = {Equilibrated residual error estimates are {$p$}-robust},
   JOURNAL = {Comput. Methods Appl. Mech. Engrg.},
  FJOURNAL = {Computer Methods in Applied Mechanics and Engineering},
    VOLUME = {198},
      YEAR = {2009},
    NUMBER = {13-14},
     PAGES = {1189--1197},
      ISSN = {0045-7825},
     CODEN = {CMMECC},
   MRCLASS = {65N15 (65N30)},
  MRNUMBER = {2500243},
MRREVIEWER = {Mohammad Asadzadeh},
       DOI = {10.1016/j.cma.2008.12.010},
       URL = {http://dx.doi.org/10.1016/j.cma.2008.12.010},
}
	

@article {Vohralik:2011,
    AUTHOR = {Vohral\'ik, Martin},
     TITLE = {Guaranteed and fully robust a posteriori error estimates for
              conforming discretizations of diffusion problems with
              discontinuous coefficients},
   JOURNAL = {J. Sci. Comput.},
  FJOURNAL = {Journal of Scientific Computing},
    VOLUME = {46},
      YEAR = {2011},
    NUMBER = {3},
     PAGES = {397--438},
      ISSN = {0885-7474},
   MRCLASS = {65N15 (65N06 65N08 65N30)},
  MRNUMBER = {2765501},
MRREVIEWER = {Venkataraman Vanaja},
       DOI = {10.1007/s10915-010-9410-1},
       URL = {http://dx.doi.org/10.1007/s10915-010-9410-1},
}



@article {Repin:apos:2007,
    AUTHOR = {Repin, S. I.},
     TITLE = {Functional a posteriori estimates for elliptic variational
              inequalities},
   JOURNAL = {Zap. Nauchn. Sem. S.-Peterburg. Otdel. Mat. Inst. Steklov.
              (POMI)},
  FJOURNAL = {Rossi\u\i skaya Akademiya Nauk. Sankt-Peterburgskoe Otdelenie.
              Matematicheski\u\i \ Institut im. V. A. Steklova. Zapiski
              Nauchnykh Seminarov (POMI)},
    VOLUME = {348},
      YEAR = {2007},
    NUMBER = {Kraevye Zadachi Matematichesko\u\i \ Fiziki i Smezhnye Voprosy
              Teorii Funktsi\u\i . 38},
     PAGES = {147--164, 305},
      ISSN = {0373-2703},
   MRCLASS = {65K15 (35B45 35J87 49J40 65N15)},
  MRNUMBER = {2743017},
MRREVIEWER = {Vincent Acary},
       DOI = {10.1007/s10958-008-9093-4},
       URL = {http://dx.doi.org/10.1007/s10958-008-9093-4},
}
		
@article {Nicaise:Repin:2007,
    AUTHOR = {Nicaise, S. and Repin, S. I.},
     TITLE = {Functional a posteriori error estimates for the
              reaction-convection-diffusion problem},
   JOURNAL = {Zap. Nauchn. Sem. S.-Peterburg. Otdel. Mat. Inst. Steklov.
              (POMI)},
  FJOURNAL = {Rossi\u\i skaya Akademiya Nauk. Sankt-Peterburgskoe Otdelenie.
              Matematicheski\u\i \ Institut im. V. A. Steklova. Zapiski
              Nauchnykh Seminarov (POMI)},
    VOLUME = {348},
      YEAR = {2007},
    NUMBER = {Kraevye Zadachi Matematichesko\u\i \ Fiziki i Smezhnye Voprosy
              Teorii Funktsi\u\i . 38},
     PAGES = {127--146, 304},
      ISSN = {0373-2703},
   MRCLASS = {65N15},
  MRNUMBER = {2743016},
       DOI = {10.1007/s10958-008-9092-5},
       URL = {http://dx.doi.org/10.1007/s10958-008-9092-5},
}

@article {Repin:Nav_stokes:2008,
    AUTHOR = {Repin, S.},
     TITLE = {On a posteriori error estimates for the stationary
              {N}avier-{S}tokes problem},
      NOTE = {Problems in mathematical analysis. No. 36},
   JOURNAL = {J. Math. Sci. (N.Y.)},
  FJOURNAL = {Journal of Mathematical Sciences (New York)},
    VOLUME = {150},
      YEAR = {2008},
    NUMBER = {1},
     PAGES = {1885--1889},
      ISSN = {1072-3374},
   MRCLASS = {35Q30 (76D05)},
  MRNUMBER = {2472533},
       DOI = {10.1007/s10958-008-0103-3},
       URL = {http://dx.doi.org/10.1007/s10958-008-0103-3},
}


@article {Payne:1960,
    AUTHOR = {Payne, L. E. and Weinberger, H. F.},
     TITLE = {An optimal {P}oincar\'e inequality for convex domains},
   JOURNAL = {Arch. Rational Mech. Anal.},
  FJOURNAL = {Archive for Rational Mechanics and Analysis},
    VOLUME = {5},
      YEAR = {1960},
     PAGES = {286--292 (1960)},
      ISSN = {0003-9527},
   MRCLASS = {35.00},
  MRNUMBER = {0117419},
MRREVIEWER = {I. Stakgold},
       DOI = {10.1007/BF00252910},
       URL = {http://dx.doi.org/10.1007/BF00252910},
}
@article {Bebendorf:2003,
    AUTHOR = {Bebendorf, M.},
     TITLE = {A note on the {P}oincar\'e inequality for convex domains},
   JOURNAL = {Z. Anal. Anwendungen},
  FJOURNAL = {Zeitschrift f\"ur Analysis und ihre Anwendungen. Journal for
              Analysis and its Applications},
    VOLUME = {22},
      YEAR = {2003},
    NUMBER = {4},
     PAGES = {751--756},
      ISSN = {0232-2064},
   MRCLASS = {26D15 (26D20)},
  MRNUMBER = {2036927},
MRREVIEWER = {Lucio Renato Berrone},
       DOI = {10.4171/ZAA/1170},
       URL = {http://dx.doi.org/10.4171/ZAA/1170},
}

@article {Eymard:1999,
    AUTHOR = {Eymard, Robert and Gallou\"et, Thierry and Herbin, Rapha\`ele},
     TITLE = {Convergence of finite volume schemes for semilinear convection
              diffusion equations},
   JOURNAL = {Numer. Math.},
  FJOURNAL = {Numerische Mathematik},
    VOLUME = {82},
      YEAR = {1999},
    NUMBER = {1},
     PAGES = {91--116},
      ISSN = {0029-599X},
   MRCLASS = {65N30 (76M12)},
  MRNUMBER = {1681308},
MRREVIEWER = {Martin Stynes},
       DOI = {10.1007/s002110050412},
       URL = {http://dx.doi.org/10.1007/s002110050412},
}

@book {Ainsworth:2000,
    AUTHOR = {Ainsworth, Mark and Oden, J. Tinsley},
     TITLE = {A posteriori error estimation in finite element analysis},
    SERIES = {Pure and Applied Mathematics (New York)},
 PUBLISHER = {Wiley-Interscience [John Wiley \& Sons], New York},
      YEAR = {2000},
     PAGES = {xx+240},
      ISBN = {0-471-29411-X},
   MRCLASS = {65-02 (65N15)},
  MRNUMBER = {1885308},
MRREVIEWER = {Ricardo G. Dur\~A!`n},
       DOI = {10.1002/9781118032824},
       URL = {http://dx.doi.org/10.1002/9781118032824},
}

 @article {Carstensen:2003,
    AUTHOR = {Carstensen, Carsten and Klose, R.},
     TITLE = {A posteriori finite element error control for the
              {$p$}-{L}aplace problem},
   JOURNAL = {SIAM J. Sci. Comput.},
  FJOURNAL = {SIAM Journal on Scientific Computing},
    VOLUME = {25},
      YEAR = {2003},
    NUMBER = {3},
     PAGES = {792--814},
      ISSN = {1064-8275},
   MRCLASS = {65N30 (65N15)},
  MRNUMBER = {2046112},
MRREVIEWER = {Stephen W. Brady},
       DOI = {10.1137/S1064827502416617},
       URL = {http://dx.doi.org/10.1137/S1064827502416617},
}

@article {Carstensen:2014,
    AUTHOR = {Carstensen, Carsten and Gedicke, Joscha},
     TITLE = {Guaranteed lower bounds for eigenvalues},
   JOURNAL = {Math. Comp.},
  FJOURNAL = {Mathematics of Computation},
    VOLUME = {83},
      YEAR = {2014},
    NUMBER = {290},
     PAGES = {2605--2629},
      ISSN = {0025-5718},
   MRCLASS = {65N25 (15A42 65N15 65N30 65N50)},
  MRNUMBER = {3246802},
MRREVIEWER = {J\~A!`n Lov\~A-\AA !`ek},
       DOI = {10.1090/S0025-5718-2014-02833-0},
       URL = {http://dx.doi.org/10.1090/S0025-5718-2014-02833-0},
}	
	
@article {Ern:Vor:2010,
    AUTHOR = {Ern, Alexandre and Vohral\'\i k, Martin},
     TITLE = {A posteriori error estimation based on potential and flux
              reconstruction for the heat equation},
   JOURNAL = {SIAM J. Numer. Anal.},
  FJOURNAL = {SIAM Journal on Numerical Analysis},
    VOLUME = {48},
      YEAR = {2010},
    NUMBER = {1},
     PAGES = {198--223},
      ISSN = {0036-1429},
   MRCLASS = {65M60 (65M08 65M15)},
  MRNUMBER = {2608366},
MRREVIEWER = {V\~A-t Dolej\AA !`\~A-},
       DOI = {10.1137/090759008},
       URL = {http://dx.doi.org/10.1137/090759008},
}	

		
@book {Repin:2008,
    AUTHOR = {Repin, Sergey},
     TITLE = {A posteriori estimates for partial differential equations},
    SERIES = {Radon Series on Computational and Applied Mathematics},
    VOLUME = {4},
 PUBLISHER = {Walter de Gruyter GmbH \& Co. KG, Berlin},
      YEAR = {2008},
     PAGES = {xii+316},
      ISBN = {978-3-11-019153-0},
   MRCLASS = {35-02 (35A35)},
  MRNUMBER = {2458008},
MRREVIEWER = {Wen Bin Liu},
       DOI = {10.1515/9783110203042},
       URL = {http://dx.doi.org/10.1515/9783110203042},
}

@article {Destuynder:1999,
    AUTHOR = {Destuynder, Philippe and M\'etivet, Brigitte},
     TITLE = {Explicit error bounds in a conforming finite element method},
   JOURNAL = {Math. Comp.},
  FJOURNAL = {Mathematics of Computation},
    VOLUME = {68},
      YEAR = {1999},
    NUMBER = {228},
     PAGES = {1379--1396},
      ISSN = {0025-5718},
   MRCLASS = {65N30},
  MRNUMBER = {1648383},
MRREVIEWER = {Zheng Hui Xie},
       DOI = {10.1090/S0025-5718-99-01093-5},
       URL = {http://dx.doi.org/10.1090/S0025-5718-99-01093-5},
}
		
		
@article {Prager:Synge:1947,
    AUTHOR = {Prager, W. and Synge, J. L.},
     TITLE = {Approximations in elasticity based on the concept of function
              space},
   JOURNAL = {Quart. Appl. Math.},
  FJOURNAL = {Quarterly of Applied Mathematics},
    VOLUME = {5},
      YEAR = {1947},
     PAGES = {241--269},
      ISSN = {0033-569X},
   MRCLASS = {73.2X},
  MRNUMBER = {0025902},
MRREVIEWER = {E. Reissner},
       DOI = {10.1090/qam/25902},
       URL = {http://dx.doi.org/10.1090/qam/25902},
}


@article {Vor:numer:2008,
    AUTHOR = {Vohral{\'{\i}}k, Martin},
     TITLE = {Residual flux-based a posteriori error estimates for finite
              volume and related locally conservative methods},
   JOURNAL = {Numer. Math.},
  FJOURNAL = {Numerische Mathematik},
    VOLUME = {111},
      YEAR = {2008},
    NUMBER = {1},
     PAGES = {121--158},
      ISSN = {0029-599X},
   MRCLASS = {76M12 (65N06 65N15 76S05)},
  MRNUMBER = {2448206},
MRREVIEWER = {Benito M. Chen-Charpentier},
       URL = {https://doi.org/10.1007/s00211-008-0168-4},
}
		