@unpublished{preim,
  TITLE = {{A progressive reduced basis/empirical interpolation method for nonlinear parabolic problems}},
  AUTHOR = {Benaceur, Amina and Ehrlacher, Virginie and Ern, Alexandre and Meunier, S{\'e}bastien},
  URL = {https://hal.archives-ouvertes.fr/hal-01599304},
  YEAR = {2018},
  MONTH = Apr,
  PDF = {https://hal.archives-ouvertes.fr/hal-01599304/file/arxiv_version.pdf},
  HAL_ID = {hal-01599304},
  HAL_VERSION = {v3},
}
