@article {DiPVorYoussef:2014,
    AUTHOR = {Di Pietro, Daniele A. and Vohral{\'{\i}}k, Martin and Yousef,
              Soleiman},
     TITLE = {An a posteriori-based, fully adaptive algorithm with adaptive
              stopping criteria and mesh refinement for thermal multiphase
              compositional flows in porous media},
   JOURNAL = {Comput. Math. Appl.},
  FJOURNAL = {Computers \& Mathematics with Applications. An International
              Journal},
    VOLUME = {68},
      YEAR = {2014},
    NUMBER = {12, part B},
     PAGES = {2331--2347},
      ISSN = {0898-1221},
   MRCLASS = {65M08 (76S05)},
  MRNUMBER = {3284277},
       DOI = {10.1016/j.camwa.2014.08.008},
       URL = {http://dx.doi.org/10.1016/j.camwa.2014.08.008},
}
		
@article {Brezis:2010,
    AUTHOR = {Haim Brezis},
     TITLE = {Functional Analysis, Sobolev Spaces and Partial Differential Equations},
   JOURNAL = {Springer, New York},
  FJOURNAL = {Universitext},
      YEAR = {2011},
     PAGES = {138--140},
MRREVIEWER = {Vicenţiu Rădulescu},
       URL = {http://www.math.uni-leipzig.de/UAA/f/SS14XX11249.pdf},
}	
	
@article {VorWhee:2013,
    AUTHOR = {Vohral{\'{\i}}k, Martin and Wheeler, Mary F.},
     TITLE = {A posteriori error estimates, stopping criteria, and adaptivity for two-phase flows},
   JOURNAL = {Comput. Geosci.},
  FJOURNAL = {Computational Geosciences},
    VOLUME = {17},
      YEAR = {2013},
    NUMBER = {5},
     PAGES = {789--812},
      ISSN = {1420-0597},
   MRCLASS = {65M60 (65M15 65M50 76S05 76T10 86A05)},
  MRNUMBER = {3104635},
MRREVIEWER = {Maurizio Brocchini},
       DOI = {10.1007/s10596-013-9356-0},
       URL = {http://dx.doi.org/10.1007/s10596-013-9356-0},
}

@article {Facchinei:2003,
    AUTHOR = {Facchinei, Francisco and Jong-Shi, Pang},
     TITLE = {Finite Dimensional Variational Inequalities and Complementarity Problems Volume I},
   JOURNAL = {Springer, New York},
      YEAR = {2003},
}	

@article {Pang:2003,
    AUTHOR = {Facchinei, Francisco and Jong-Shi, Pang},
     TITLE = {Finite Dimensional Variational Inequalities and Complementarity Problems Volume II},
   JOURNAL = {Springer, New York},
      YEAR = {2003},
}	 

@article {BenJaff:2014,
    AUTHOR = {Ben Gharbia, Ibtihel and Jaffr{\'e}, J{\'e}r{\^o}me},
     TITLE = {Gas phase appearance and disappearance as a problem with
              complementarity constraints},
   JOURNAL = {Math. Comput. Simulation},
  FJOURNAL = {Mathematics and Computers in Simulation},
    VOLUME = {99},
      YEAR = {2014},
     PAGES = {28--36},
      ISSN = {0378-4754},
   MRCLASS = {Database Expansion Item},
  MRNUMBER = {3166178},
       DOI = {10.1016/j.matcom.2013.04.021},
       URL = {http://dx.doi.org/10.1016/j.matcom.2013.04.021},
}
		
@article {ChaventJaff:1986,
    AUTHOR = {Chavent,Guy, and Jaffr{\'e}, J{\'e}r{\^o}me},
    EDITHOR={J.L.Lions,G Papanicolaou, H Fujita, H.B Keller},
     TITLE = {Book, Mathematical models and finite elements for reservoir simulation},
   JOURNAL = {Studies in mathematics and its applications},
      YEAR = {NORTH--HOLLAND 1986},
     PAGES = {9--12},
       DOI = {10.1016/j.matcom.2013.04.021},
       URL = {http://dx.doi.org/10.1016/j.matcom.2013.04.021},
}


@article {Chemin:2015,
    AUTHOR = {Chemin, Jean-Yves},
     TITLE = {Introduction aux équations aux dérivées partielles d'évolutions},
   JOURNAL = {Master d'analyse numérique, Université Pierre et Marie Curie},
      YEAR = {2015},
       URL = {https://www.ljll.math.upmc.fr/~chemin/pdf/2015M2EvolutionW.pdf}
}

		
@article {Vor:2015,
    AUTHOR = {Vohral{\'{\i}}k, Martin},
     TITLE = {A posteriori error estimates for efficiency and error control in numerical simulations},
   JOURNAL = {Course master degree, INRIA/Pierre and Marie Curie University},
      YEAR = {2015},
      ISSN = {0378-4754},
   MRCLASS = {Database Expansion Item},
  MRNUMBER = {3166178},
       DOI = {10.1016/j.matcom.2013.04.021},
       URL = {https://who.rocq.inria.fr/Martin.Vohralik/Enseig/APost/a_posteriori.pdf},
}
		
@article {Ben:2012,
    AUTHOR = {Ben Gharbia, Ibtihel},
     TITLE = {Résolution de problèmes de complémentarité, application à un écoulement diphasique en milieu poreux},
   JOURNAL = {Thèse de Doctorat de mathématique appliquée, INRIA Université Paris Dauphine},
      YEAR = {2012},
      ISSN = {0378-4754},
   MRCLASS = {Database Expansion Item},
  MRNUMBER = {3166178},
       DOI = {10.1016/j.matcom.2013.04.021},
       URL = {http://www.theses.fr/166748633},
}
@article {Brethes:2015,
    AUTHOR = {Brethes, Gauthier},
     TITLE = {algorithmes multigrilles adaptatifs et scalables},
   JOURNAL = {Thèse de Doctorat de mathématique appliquée, Université Nice Sophia Antipolis},
      YEAR = {2015},
     
       URL = {http://www-sop.inria.fr/members/Gautier.Brethes/Thesis.pdf},
}




@article {VorBer:2012,
    AUTHOR = {Ben Belgacem, Faker and Bernardi, Christine and Blouza, Adel
              and Vohral{\'{\i}}k, Martin},
     TITLE = {On the unilateral contact between membranes. {P}art 2: {\it a
              posteriori} analysis and numerical experiments},
   JOURNAL = {IMA J. Numer. Anal.},
  FJOURNAL = {IMA Journal of Numerical Analysis},
    VOLUME = {32},
      YEAR = {2012},
    NUMBER = {3},
     PAGES = {1147--1172},
      ISSN = {0272-4979},
     CODEN = {IJNADN},
   MRCLASS = {65K15 (65N15 65N30 74K15 74M15 92C10)},
  MRNUMBER = {2954744},
MRREVIEWER = {J{\'a}n Lov{\'{\i}}{\v{s}}ek},
       DOI = {10.1093/imanum/drr003},
       URL = {http://dx.doi.org/10.1093/imanum/drr003},
}

		
@article {VorBer:2008,
    AUTHOR = {Ben Belgacem, Faker and Bernardi, Christine and Blouza, Adel
              and Vohral{\'{\i}}k, Martin},
     TITLE = {A finite element discretization of the contact between two
              membranes},
   JOURNAL = {M2AN Math. Model. Numer. Anal.},
  FJOURNAL = {M2AN. Mathematical Modelling and Numerical Analysis},
    VOLUME = {43},
      YEAR = {2008},
    NUMBER = {1},
     PAGES = {33--52},
      ISSN = {0764-583X},
   MRCLASS = {74K15 (65N30 74M15)},
  MRNUMBER = {2494793 (2010i:74050)},
       DOI = {10.1051/m2an/2008041},
       URL = {http://dx.doi.org/10.1051/m2an/2008041},
}
@article {Vor:2004,
    AUTHOR = {Martin Vohral{\'{\i}}k},
     TITLE = {Méthodes numériques pour les équations élliptiques et paraboliques non linéaires},
   JOURNAL = {Thèse de Doctorat de mathématique, Université Paris Orsay, Université Technique Tchèque à Prague},
      YEAR = {2004},
      ISSN = {0378-4754},
   MRCLASS = {Database Expansion Item},
  MRNUMBER = {3166178},
       DOI = {10.1016/j.matcom.2013.04.021},
       URL = {https://who.rocq.inria.fr/Martin.Vohralik/Pages/These.html},
}
@article {Maday:2004,
    AUTHOR = {Maday, Yvon and Bernardi Christine and Rapetti Francesca},
     TITLE = {Discrétisations variationnelles de problèmes aux limites elliptiques},
   JOURNAL = {Springer},
      YEAR = {2004},
}

@article {Despres:2012,
    AUTHOR = {Despres, Bruno},
     TITLE = {Approximation des Equations aux Dérivées Partielles},
   JOURNAL = {Master d'Analyse Numérique, Pierre and Marie Curie University},
      YEAR = {2012},
           URL = {http://www.ann.jussieu.fr/~despres/MM026/cours_m1.pdf},
}

@article {Despres:2004,
    AUTHOR = {Despres, Bruno},
     TITLE = {Analyse numérique matricielle},
   JOURNAL = {DEA d'Analyse Numérique, Université Pierre et Marie Curie},
      YEAR = {2004},
           URL = {http://www.ann.jussieu.fr/~despres/BD_fichiers/almat.pdf},
}

@article {Godlewski:2013,
    AUTHOR = {Godlewski,Edwige},
     TITLE = {Bases des méthodes numériques},
   JOURNAL = {Master d'Analyse Numérique, Université Pierre et Marie Curie},
      YEAR = {2013},
           URL = {http://www.ann.jussieu.fr/~despres/MM026/cours_m1.pdf},
}

@article {VorErn:2013,
    AUTHOR = {Ern, Alexandre and Vohral{\'{\i}}k, Martin},
     TITLE = {Adaptive inexact {N}ewton methods with a posteriori stopping
              criteria for nonlinear diffusion {PDE}s},
   JOURNAL = {SIAM J. Sci. Comput.},
  FJOURNAL = {SIAM Journal on Scientific Computing},
    VOLUME = {35},
      YEAR = {2013},
    NUMBER = {4},
     PAGES = {A1761--A1791},
      ISSN = {1064-8275},
     CODEN = {SJOCE3},
   MRCLASS = {65H10 (65M08 65M22 65M50 65M60)},
  MRNUMBER = {3072765},
MRREVIEWER = {B{\"u}lent Karas{\"o}zen},
       DOI = {10.1137/120896918},
       URL = {http://dx.doi.org/10.1137/120896918},
}
		
@book {Hackbusch:1985,
    AUTHOR = {Hackbusch, Wolfgang},
     TITLE = {Multigrid methods and applications},
    SERIES = {Springer Series in Computational Mathematics},
    VOLUME = {4},
 PUBLISHER = {Springer-Verlag, Berlin},
      YEAR = {1985},
     PAGES = {xiv+377},
      ISBN = {3-540-12761-5},
   MRCLASS = {65N50 (65-02 65F10 65N20)},
  MRNUMBER = {814495 (87e:65082)},
MRREVIEWER = {S. F. McCormick},
       DOI = {10.1007/978-3-662-02427-0},
       URL = {http://dx.doi.org/10.1007/978-3-662-02427-0},
}


@book {Ern:2004,
    AUTHOR = {Ern, Alexandre and Guermond, Jean-Luc},
     TITLE = {Theory and practice of finite elements},
    SERIES = {Applied Mathematical Sciences},
    VOLUME = {159},
 PUBLISHER = {Springer-Verlag, New York},
      YEAR = {2004},
     PAGES = {xiv+524},
      ISBN = {0-387-20574-8},
   MRCLASS = {65-02 (65M60 65N30 74S05 76M10 78M10)},
  MRNUMBER = {2050138},
MRREVIEWER = {R. S. Anderssen},
       DOI = {10.1007/978-1-4757-4355-5},
       URL = {http://dx.doi.org/10.1007/978-1-4757-4355-5},
}



@book {Ciarlet:2009,
    AUTHOR = {Ciarlet, Patrick and Lunéville, Eric},
     TITLE = {La méthode des éléments finis, de la théorie à la pratique},
    SERIES = {Les presses de l'Ensta},
      YEAR = {2009},
}




@book {Olshanskii:2014,
    AUTHOR = {Olshanskii, Maxim A. and Tyrtyshnikov, Eugene E.},
     TITLE = {Iterative methods for linear systems},
      NOTE = {Theory and applications},
 PUBLISHER = {Society for Industrial and Applied Mathematics, Philadelphia,
              PA},
      YEAR = {2014},
     PAGES = {xvi+247},
      ISBN = {978-1-611973-45-7},
   MRCLASS = {65F10 (15A06)},
  MRNUMBER = {3243627},
MRREVIEWER = {Jeffrey S. Ovall},
       DOI = {10.1137/1.9781611973464},
       URL = {http://dx.doi.org/10.1137/1.9781611973464},
}
		
@article {VorPapez:2015,
    AUTHOR = {Papez, Jan and Vohral{\'{\i}}k, Martin},
     TITLE = {Separate guaranted upper and lower bounds on algebraic, discretization, and total numerical approximation errors for linear diffusion PDEs.},
  JOURNAL = {In preparation},
      YEAR = {2015},

}

@article {VorWohl:2015,
    AUTHOR = {Vohral{\'{\i}}k, Martin and Wohlmuth, Barbara and Rude, Ulrich},
     TITLE = {Guaranted algebraic, discretization, and total error bounds in multigrid finite element solvers},
  JOURNAL = {In preparation},
      YEAR = {2015},


}


@book {Briggs:2014,
    AUTHOR = {Briggs, William L.},
     TITLE = {A multigrid tutorial},
 PUBLISHER = {Society for Industrial and Applied Mathematics (SIAM),
              Philadelphia, PA},
      YEAR = {1987},
     PAGES = {x+88},
      ISBN = {0-89871-221-1},
   MRCLASS = {65-01},
  MRNUMBER = {960880 (89j:65001)},
MRREVIEWER = {Chris Arney},
}

@article {Cohen:2015,
    AUTHOR = {Cohen, Albert},
     TITLE = {Approximation Variationnelle des fonctions},
   JOURNAL = {Master d'Analyse Numérique, Université Pierre et Marie Curie},
      YEAR = {2015},
           URL ={http://www.ann.jussieu.fr/cohen/CohenM2.pdf},
}


@article {Kern:2005,
    AUTHOR = {Kern, Michel},
     TITLE = {Introduction à la méthode des éléments finis},
   JOURNAL = {Ecole nationale supérieure des mines de Paris, Inria},
      YEAR = {2005},
           URL ={http://mms2.ensmp.fr/ef_paris/formulation/polycop/f_coursEF.pdf}



@article {Braess:2009,
    AUTHOR = {Braess, Dietrich and Pillwein, Veronika and Sch{\"o}berl,
              Joachim},
     TITLE = {Equilibrated residual error estimates are {$p$}-robust},
   JOURNAL = {Comput. Methods Appl. Mech. Engrg.},
  FJOURNAL = {Computer Methods in Applied Mechanics and Engineering},
    VOLUME = {198},
      YEAR = {2009},
    NUMBER = {13-14},
     PAGES = {1189--1197},
      ISSN = {0045-7825},
     CODEN = {CMMECC},
   MRCLASS = {65N15 (65N30)},
  MRNUMBER = {2500243},
MRREVIEWER = {Mohammad Asadzadeh},
       DOI = {10.1016/j.cma.2008.12.010},
       URL = {http://dx.doi.org/10.1016/j.cma.2008.12.010},
}
		

